%% This BibTeX bibliography file was created using BibDesk.
%% http://bibdesk.sourceforge.net/

%% Created for Aron Glennon at 2011-09-15 18:40:41 -0400 

%% Saved with string encoding Unicode (UTF-8) 

@article{humphrey2013feature,
  title={Feature learning and deep architectures: new directions for music informatics},
  author={Eric Humphrey and Juan P. Bello and Yann LeCun},
  journal={Journal of Intelligent Information Systems},
  volume={41},
  number={3},
  pages={461--481},
  year={2013},
  publisher={Springer}
}	

@phdthesis{Silva:2008le,
	Author = {Sara Guilherme Oliveira da Silva},
	Date-Added = {2011-01-03 17:13:05 -0500},
	Date-Modified = {2011-02-19 10:11:48 -0500},
	Keywords = {Automatic Programming},
	Month = {April},
	Read = {0},
	School = {University of Coimbra},
	Title = {Controlling Bloat: Individual and Population Based Approaches in Genetic Programming},
	Year = {2008}}

@techreport{Rich:1992sp,
	Address = {201 Broadway, Cambridge, Massachussetts 02139},
	Author = {Charles Rich and Richard C. Waters},
	Date-Added = {2011-01-03 17:13:05 -0500},
	Date-Modified = {2011-02-19 11:08:02 -0500},
	Institution = {Mitsubishi Electric Research Laboratories, Inc.},
	Keywords = {Automatic Programming},
	Month = {July},
	Number = {TR92-04},
	Read = {0},
	Title = {Approaches to Automatic Programming},
	Year = {1992}}

@inproceedings{silva2005resource,
  title={Resource-limited genetic programming: the dynamic approach},
  author={Silva, Sara and Costa, Ernesto},
  booktitle={Proceedings of the 2005 conference on Genetic and evolutionary computation},
  pages={1673--1680},
  year={2005},
  organization={ACM}
}

@inproceedings{Garcia:2000th,
	Address = {Los Angeles, California},
	Author = {Ricardo A. Garcia},
	Booktitle = {Proceedings of the 109th Convention of the Audio Engineering Society},
	Date-Added = {2011-01-03 17:13:05 -0500},
	Date-Modified = {2011-02-18 19:38:40 -0500},
	Keywords = {GP Synthesis},
	Month = {September},
	Read = {0},
	Title = {Towards the Automatic Generation of Sound Synthesis Techniques: Preparatory Steps},
	Year = {2000}}

@inproceedings{Humphrey:2000th,
	Address = {Honolul, Hawaii},
	Author = {Eric Humphrey and Aron Glennon and Juan P. Bello},
	Booktitle = {Proceedings of the 10th International Convention of Machine Learning and Applications},
	Date-Added = {2011-01-03 17:13:05 -0500},
	Date-Modified = {2011-02-18 19:38:40 -0500},
	Keywords = {Timbre Space},
	Month = {December},
	Read = {0},
	Title = {Non-Linear Semantic Embedding for Organizing Large Instrument Sample Libraries},
	Year = {2011}}

@mastersthesis{Garcia:2001jw,
	Author = {Ricardo A. Garcia},
	Date-Added = {2011-01-03 17:13:05 -0500},
	Date-Modified = {2011-02-19 21:11:25 -0500},
	Keywords = {GP Synthesis},
	Month = {September},
	Read = {0},
	School = {MIT},
	Title = {Automatic Generation of Sound Synthesis Techniques},
	Year = {2001}}

@inproceedings{Garcia:2002cq,
	Address = {Los Angeles, California},
	Author = {Ricardo A. Garcia},
	Booktitle = {Presented at the 113th Audio Engineering Society Convention},
	Date-Added = {2011-01-03 17:13:05 -0500},
	Date-Modified = {2011-02-17 22:37:01 -0500},
	Keywords = {GP Synthesis},
	Month = {October},
	Read = {0},
	Title = {Automatic Design of Sound Synthesis Techniques by means of Genetic Programming},
	Year = {2002}}

@inproceedings{Wehn:1998bh,
	Address = {Barcelona, Spain},
	Author = {Kaare Wehn},
	Booktitle = {Proceedings of the Digital Audio Effects DAFX98 Workshop},
	Date-Added = {2011-01-03 17:13:05 -0500},
	Date-Modified = {2011-02-17 22:55:29 -0500},
	Keywords = {GP Synthesis},
	Read = {0},
	Title = {Using Ideas from Natural Selection to Evolve Synthesized Sounds},
	Year = {1998}}

@unpublished{Fiebrink:os,
	Author = {Rebecca Fiebrink},
	Date-Added = {2011-01-03 17:13:05 -0500},
	Date-Modified = {2011-02-19 23:36:00 -0500},
	Keywords = {Timbre Similarity},
	Note = {Report for MUGS 695 at McGill University},
	Read = {0},
	Title = {Looking to a Unified Theory of Timbre to Improve Timbral Similarity Systems in Music Information Retrieval},
	Year = {2005}}

@phdthesis{Ciglar:2009uf,
	Author = {Miha Ciglar},
	Date-Added = {2011-01-03 17:13:05 -0500},
	Date-Modified = {2011-02-20 12:23:15 -0500},
	Keywords = {Timbre Similarity},
	Month = {April},
	Read = {0},
	School = {IEM - Institute of Electronic Music and Acoustics, University of Music and Performing Arts Graz},
	Title = {The Temporal Character of Timbre},
	Year = {2009}}

@inproceedings{Johnson:2006pi,
	Address = {Paris, France},
	Author = {Colin G. Johnson and Alex Gounaropoulos},
	Booktitle = {Proceedings of the 2006 International Conference on New Interfaces for Musical Expression (NIME06)},
	Date-Added = {2011-01-03 17:13:05 -0500},
	Date-Modified = {2011-02-13 18:48:43 -0500},
	Keywords = {Timbre Similarity},
	Read = {0},
	Title = {Timbre Interfaces using Adjectives and Adverbs},
	Year = {2006}}

@inproceedings{Johnson:1998sh,
	Author = {Colin G. Johnson},
	Booktitle = {Proceedings of the AISB 1999 Symposium on Musical Creativity},
	Date-Added = {2011-01-03 17:13:05 -0500},
	Date-Modified = {2011-07-13 19:25:26 -0400},
	Keywords = {GP Synthesis},
	Read = {0},
	Title = {Exploring the Sound-Space of Synthesis Algorithms Using Interactive Genetic Algorithms},
	Year = {1999}}

@inproceedings{Sharman:1995bs,
	Address = {Sheffield, United Kingdom},
	Author = {Ken C Sharman and Anna I. Esparcia Alcazar and Yun Li},
	Booktitle = {Proceedings of the 1st International Conference on Genetic Algorithms in Engineering Systems},
	Date-Added = {2011-01-03 17:13:05 -0500},
	Date-Modified = {2011-02-17 17:55:39 -0500},
	Keywords = {GP in Audio},
	Number = {1},
	Pages = {1-8},
	Read = {0},
	Series = {Innovations and Applications},
	Title = {Evolving Signal Processing Algorithms by Genetic Programming},
	Year = {1995}}

@article{Alcazar:1997ve,
	Author = {Anna I. Esparcia Alcazar and Ken C. Sharman},
	Date-Added = {2011-01-03 17:13:05 -0500},
	Date-Modified = {2011-05-22 21:29:30 -0400},
	Journal = {Lecture Notes in Computer Science},
	Keywords = {GP in Audio},
	Pages = {126-137},
	Read = {0},
	Title = {Genetic Programming for Channel Equalisation},
	Volume = {1596},
	Year = {1999}}
	
@inproceedings{Alcazar:1996la,
	Address = {California},
	Author = {Anna I. Esparcia Alcazar and Ken C. Sharman},
	Booktitle = {Late Breaking Papers at the Genetic Programming 1996 Conference},
	Date-Added = {2011-01-03 17:13:05 -0500},
	Date-Modified = {2011-02-17 18:22:50 -0500},
	Keywords = {GP in Audio},
	Rating = {5},
	Read = {0},
	Title = {Some Applications of Genetic Programming in Digital Signal Processing},
	Year = {1996}}

@inproceedings{Spector:1994ij,
	Address = {Menlo Park, CA and Cambridge, MA},
	Author = {Lee Spector and Adam Alpern},
	Booktitle = {Proceedings of the 12th National Conference on Artificial Intelligence},
	Date-Added = {2011-01-03 17:13:05 -0500},
	Date-Modified = {2011-02-16 22:56:41 -0500},
	Keywords = {GA in Music},
	Pages = {3-8},
	Publisher = {AAAI Press/The MIT Press},
	Read = {0},
	Title = {Criticism, Culture, and the Automatic Generation of Artworks},
	Volume = {AAAI-94},
	Year = {1994}}

@article{Aucouturier:2003gs,
	Author = {Jean-Julien Aucouturier and Francois Pachet},
	Date-Added = {2011-01-03 17:13:05 -0500},
	Date-Modified = {2011-05-22 21:37:34 -0400},
	Journal = {Journal of Negative Results in Speech and Audio Sciences},
	Keywords = {Timbre Similarity},
	Number = {1},
	Read = {0},
	Title = {Improving Timbre Similarity: How High's the Sky?},
	Volume = {1},
	Year = {2004}}

@inproceedings{Aucouturier:2002gf,
	Author = {Jean-Julien Aucouturier and Francois Pachet},
	Booktitle = {Proceedings of the 3rd International Conference on Music Information Retrieval (ISMIR 2002)},
	Date-Added = {2011-01-03 17:13:05 -0500},
	Date-Modified = {2011-05-22 21:35:42 -0400},
	Keywords = {Timbre Similarity},
	Read = {0},
	Title = {Music Similarity Measures: What's the Use?},
	Year = {2002}}

@inproceedings{Bello:NoRead,
	Author = {Juan Pablo Bello},
	Booktitle = {Proceedings of the 10th International Society for Music Information Retrieval Conference (ISMIR)},
	Date-Added = {2011-02-25 22:39:56 -0500},
	Date-Modified = {2011-05-22 21:39:35 -0400},
	Title = {Grouping Recorded Music by Structural Similarity},
	Year = {2009}}

@inproceedings{Glennon:2010fc,
	Author = {Aron Glennon and Robert Rowe and Juan Pablo Bello},
	Booktitle = {Proceedings of the International Computer Music Conference},
	Date-Added = {2011-01-03 17:13:05 -0500},
	Date-Modified = {2011-02-18 19:42:33 -0500},
	Keywords = {GP Synthesis},
	Month = {June},
	Read = {0},
	Title = {Automatically Generating Syntactically Correct Audio Effects in Max},
	Year = {2010}}
	
	
@inproceedings{Misra:2009km,
	Author = {Ananya Misra and Perry R. Cook},
	Booktitle = {Proceedings of ICMC},
	Date-Added = {2011-01-03 17:13:05 -0500},
	Date-Modified = {2011-09-15 18:25:08 -0400},
	Keywords = {Synthesis Methods},
	Read = {0},
	Title = {Toward Synthesized Environments: A Survey of Analysis and Synthesis Methods for Sound Designers and Composers},
	Year = {2009}}

@inproceedings{Meng:2005fx,
	Author = {Anders Meng and Peter Ahrendt and Jan Larsen},
	Booktitle = {Proceedings of ICASSP 2005},
	Date-Added = {2011-01-03 17:13:05 -0500},
	Date-Modified = {2011-02-11 14:19:13 -0500},
	Keywords = {Timbre Features},
	Read = {0},
	Title = {Improving Music Genre Classification by Short-Time Feature Integration},
	Year = {2005}}

@phdthesis{Pampalk:2006pr,
	Author = {Elias Pampalk},
	Date-Added = {2011-01-03 17:13:05 -0500},
	Date-Modified = {2011-02-20 00:07:11 -0500},
	Keywords = {Timbre Similarity},
	Read = {0},
	School = {Johannes Kepler University},
	Title = {Computational Models of Music Similarity and their Application in Music Information Retrieval},
	Year = {2006}}

@inproceedings{Pampalk:2005ix,
	Author = {Elias Pampalk and Arthur Flexer and Gerhard Widmer},
	Booktitle = {Proceedings of ISMIR},
	Date-Added = {2011-01-03 17:13:05 -0500},
	Date-Modified = {2011-09-15 18:26:02 -0400},
	Keywords = {Timbre Similarity},
	Read = {0},
	Title = {Improvements of Audio-Based Music Similarity and Genre Classification},
	Year = {2005}}

@inproceedings{Flexer:2005sw,
	Address = {Madrid, Spain},
	Author = {Arthur Flexer and Elias Pampalk and Gerhard Widmer},
	Booktitle = {Proceedings of the 8th International Conference on Digital Audio Effects (DAFx-05)},
	Date-Added = {2011-01-03 17:13:05 -0500},
	Date-Modified = {2011-02-15 12:57:53 -0500},
	Keywords = {Timbre Similarity},
	Month = {September},
	Read = {0},
	Title = {Hidden Markov Models for Spectral Similarity of Songs},
	Year = {2005}}
	
	@article{luke2006comparison,
  title={A comparison of bloat control methods for genetic programming},
  author={Luke, Sean and Panait, Liviu},
  journal={Evolutionary Computation},
  volume={14},
  number={3},
  pages={309--344},
  year={2006},
  publisher={MIT Press}}
	
@inproceedings{hadsell2006dimensionality,
  title={Dimensionality reduction by learning an invariant mapping},
  author={Hadsell, Raia and Chopra, Sumit and LeCun, Yann},
  booktitle={Computer vision and pattern recognition, 2006 IEEE computer society conference on},
  volume={2},
  pages={1735--1742},
  year={2006},
  organization={IEEE}}

@article{smith1981textordfeminineidentification,
  title={{\textordfeminine}Identification of Common Molecular Subsequences, {\textordmasculine} J},
  author={Smith, TF and Waterman, MS},
  journal={Molecular Biology},
  volume={147},
  pages={195--197},
  year={1981}}

@article{serra2008chroma,
  title={Chroma binary similarity and local alignment applied to cover song identification},
  author={Serr\'a, Joan and G{\'o}mez, Emilia and Herrera, Perfecto and Serra, Xavier},
  journal={Audio, Speech, and Language Processing, IEEE Transactions on},
  volume={16},
  number={6},
  pages={1138--1151},
  year={2008},
  publisher={IEEE}}

@article{Pampalk:2008xz,
	Author = {Elias Pampalk and Perfecto Herrera and Masataka Goto},
	Date-Added = {2011-01-03 17:13:05 -0500},
	Date-Modified = {2011-02-15 21:16:49 -0500},
	Journal = {IEEE Transactions on Audio, Speech, and Language Processing},
	Keywords = {Timbre Similarity},
	Month = {February},
	Number = {2},
	Pages = {408-424},
	Read = {0},
	Title = {Computational Models of Similarity for Drum Samples},
	Volume = {16},
	Year = {2008}}

@inproceedings{Jensen:2006dw,
	Address = {Florence, Italy},
	Author = {Jesper Hojvang Jensen and Mads Groesboll Christensen and Manohar N. Murthi and Soren Holdt Jensen},
	Booktitle = {Proceedings of the 14th European Signal Processing Conference (EUSIPCO 2006)},
	Date-Added = {2011-01-03 17:13:05 -0500},
	Date-Modified = {2011-02-12 18:58:19 -0500},
	Keywords = {Timbre Features},
	Month = {September},
	Read = {0},
	Title = {Evaluation of MFCC Estimation Techniques for Music Similarity},
	Year = {2006}}

@phdthesis{Jensen:2009ta,
	Author = {Jesper Hojvang Jensen},
	Date-Added = {2011-01-03 17:13:05 -0500},
	Date-Modified = {2011-02-19 22:49:53 -0500},
	Keywords = {Timbre Features},
	Read = {0},
	School = {Aalborg University},
	Title = {Feature Extraction for Music Information Retrieval},
	Year = {2009}}
	

@inproceedings{Robel:2003vh,
	Address = {London, England},
	Author = {Axel Robel},
	Booktitle = {Proceedings of the 6th International Conference on Digital Audio Effects (DAFx-03)},
	Date-Added = {2011-01-05 22:10:35 -0500},
	Date-Modified = {2011-02-08 21:38:31 -0500},
	Keywords = {Synthesis Methods},
	Month = {September},
	Read = {0},
	Title = {A New Approach to Transient Processing in the Phase Vocoder},
	Year = {2003}}

@inproceedings{Robel:1998zc,
	Address = {Beijing, China},
	Author = {Axel Robel},
	Booktitle = {Proceedings of ICMC},
	Date-Added = {2011-01-05 22:10:50 -0500},
	Date-Modified = {2011-09-15 18:27:51 -0400},
	Keywords = {Synthesis Methods - Resynthesis},
	Pages = {256-259},
	Read = {0},
	Title = {Adaptive Additive Synthesis of Sound},
	Year = {1998}}
	
@inproceedings{Robel:2010dp,
	Address = {Graz, Austria},
	Author = {A. Robel},
	Booktitle = {Proceedings of the 13th International Conference on Digital Audio Effects (DAFx-10)},
	Date-Added = {2011-01-05 22:10:35 -0500},
	Date-Modified = {2011-02-08 20:47:00 -0500},
	Keywords = {Synthesis Methods},
	Month = {September},
	Read = {0},
	Title = {A Shape-Invariant Phase Vocoder for Speech Transformation},
	Year = {2010}}

@phdthesis{Klingbeil:2009lo,
	Author = {Michael Keteley Klingbeil},
	Date-Added = {2011-01-03 17:13:05 -0500},
	Date-Modified = {2011-02-19 22:16:33 -0500},
	Keywords = {Synthesis Methods - Resynthesis},
	Read = {0},
	School = {Columbia University},
	Title = {Spectral Analysis, Editing, and Resynthesis: Methods and Applications},
	Year = {2009}}

@inproceedings{Loureiro:2000wq,
	Author = {Mauricio A. Loureiro and Hugo B. de Paula and Hani C. Yehia},
	Booktitle = {Proceedings of the International Conference on Music Information Retrieval (ISMIR 2004)},
	Date-Added = {2011-01-03 17:13:05 -0500},
	Date-Modified = {2011-09-02 17:19:38 -0400},
	Keywords = {Timbre Similarity},
	Read = {0},
	Title = {Timbre Classification of a Single Musical Instrument},
	Year = {2004}}

@inproceedings{Haas:2009mw,
	Author = {W. Bas de Haas and Martin Rohrmeier and Remco C. Veltkamp and Frans Wiering},
	Booktitle = {Proceedings of the 10th International Conference on Music Information Retrieval (ISMIR 2009)},
	Date-Added = {2011-01-03 17:13:05 -0500},
	Date-Modified = {2011-02-13 19:20:57 -0500},
	Keywords = {Timbre Similarity},
	Read = {0},
	Title = {Modeling Harmonic Similarity using a Generative Grammar of Tonal Harmony},
	Year = {2009}}

@article{Caclin:2005il,
	Author = {Anne Caclin and Stephen McAdams and Bennet K. Smith and Suzanne Winsberg},
	Date-Added = {2011-01-03 17:13:05 -0500},
	Date-Modified = {2011-02-15 22:39:22 -0500},
	Journal = {Journal of the Acoustical Society of America},
	Keywords = {Timbre Similarity},
	Month = {July},
	Number = {1},
	Pages = {471-482},
	Read = {0},
	Title = {Acoustic Correlates of Timbre Space Dimensions: A Confirmatory Study using Synthetic Tones},
	Volume = {118},
	Year = {2005}}
	
@article{III:1992zn,
	Author = {Smith, III, Julius O.},
	Date-Added = {2011-01-05 22:10:43 -0500},
	Date-Modified = {2011-02-08 20:58:20 -0500},
	Journal = {Computer Music Journal},
	Keywords = {Synthesis Methods},
	Month = {January},
	Number = {4},
	Pages = {74-91},
	Read = {0},
	Title = {Physical Modeling Using Digital Waveguides},
	Volume = {16},
	Year = {1992}}

@inproceedings{III:1991hc,
	Address = {Montreal},
	Author = {Smith, III, Julius O.},
	Booktitle = {Proceedings of the International Computer Music Conference},
	Date-Added = {2011-01-03 17:13:05 -0500},
	Date-Modified = {2011-02-08 21:16:44 -0500},
	Keywords = {Synthesis Methods},
	Month = {October},
	Pages = {1-12},
	Read = {0},
	Title = {Viewpoints on the History of Digital Synthesis},
	Year = {1991}}

@article{Serra:1990dk,
	Author = {Xavier Serra and Smith, III, Julius O. },
	Date-Added = {2011-01-05 22:10:35 -0500},
	Date-Modified = {2011-02-09 20:47:07 -0500},
	Journal = {Computer Music Journal},
	Keywords = {Synthesis Methods},
	Month = {January},
	Number = {4},
	Pages = {12-24},
	Read = {0},
	Title = {Spectral Modeling Synthesis: A Sound Analysis/Synthesis System Based on a Deterministic Plus Stochastic Decomposition},
	Volume = {14},
	Year = {1990}}

@article{Chafe:1999bx,
	Author = {Chris Chafe},
	Date-Added = {2011-01-03 17:13:05 -0500},
	Date-Modified = {2011-05-22 21:43:14 -0400},
	Journal = {Creativity and the Composer},
	Keywords = {Synthesis Methods},
	Read = {0},
	Title = {A Short History of Digital Sound Synthesis by Composers in the U.S.A.},
	Year = {1999}}

@inproceedings{Seyerlehner:2009hs,
	Address = {Como, Italy},
	Author = {Klaus Seyerlehner and Tim Pohle and Gerhard Widmer and Dominik Schnitzer},
	Booktitle = {Proceedings of the 12th International Conference on Digital Audio Effects (DAFx-09)},
	Date-Added = {2011-01-03 17:13:05 -0500},
	Date-Modified = {2011-02-13 19:59:17 -0500},
	Keywords = {Timbre Similarity},
	Month = {September},
	Read = {0},
	Title = {Informed Selection of Frames for Music Similarity Computation},
	Year = {2009}}

@inproceedings{Seyerlehner:2008tw,
	Address = {Espoo, Finland},
	Author = {Klaus Seyerlehner and Gerhard Widmer},
	Booktitle = {Proceedings of the 11th International Conference on Digital Audio Effects (DAFx-08)},
	Date-Added = {2011-01-03 17:13:05 -0500},
	Date-Modified = {2011-02-13 20:14:42 -0500},
	Keywords = {Timbre Similarity},
	Month = {September},
	Read = {0},
	Title = {Frame Level Audio Similarity - A Codebook Approach},
	Year = {2008}}
	
@inproceedings{Loviscach:2009mi,
	Author = {Jorn Loviscach},
	Booktitle = {Proceedings of the New Interfaces for Musical Expression Conference (NIME 2008)},
	Date-Added = {2011-01-03 17:13:05 -0500},
	Date-Modified = {2011-09-02 17:20:58 -0400},
	Keywords = {Synthesis Methods - Resynthesis},
	Read = {0},
	Title = {Programming a Music Synthesizer through Data Mining},
	Year = {2008}}

@inproceedings{Heise:2009sp,
	Address = {New York, New York},
	Author = {Sebastian Heise and Michael Hlatky and Jorn Loviscach},
	Booktitle = {Proceedings of the 127th Convention of the Audio Engineering Society},
	Date-Added = {2011-01-03 17:13:05 -0500},
	Date-Modified = {2011-02-11 11:35:27 -0500},
	Keywords = {Synthesis Methods - Resynthesis},
	Month = {October},
	Read = {0},
	Title = {Automated Cloning of Recorded Sounds by Software Synthesizers},
	Year = {2009}}

@inproceedings{Martens:2009lo,
	Address = {Montreal, Canada},
	Author = {William L. Martens and Atsushi Marui},
	Booktitle = {Proceedings of the 9th Conference on Digital Audio Effects (DAFx-06)},
	Date-Added = {2011-01-03 17:13:05 -0500},
	Date-Modified = {2011-02-09 21:52:18 -0500},
	Keywords = {Synthesis Methods - Parameter Ranges},
	Month = {September},
	Read = {0},
	Title = {Categories of Perception for Vibrato, Flange, and Stereo Chorus: Mapping out the Musically Useful Ranges of Modulation Rate and Depth for Delay-Based Effects},
	Year = {2009}}

@book{Rowe:NoRead,
	Author = {Robert Rowe},
	Date-Added = {2011-02-27 22:35:23 -0500},
	Date-Modified = {2011-02-27 22:36:08 -0500},
	Publisher = {MIT Press},
	Title = {Interactive Music Systems},
	Year = {1993}}

@phdthesis{Jehan:2005fy,
	Address = {Cambridge, Massachusetts},
	Author = {Tristan Jehan},
	Date-Added = {2011-01-03 17:13:05 -0500},
	Date-Modified = {2011-02-19 18:10:25 -0500},
	Keywords = {GA in Music},
	Month = {September},
	Read = {0},
	School = {MIT},
	Title = {Creating Music by Listening},
	Year = {2005}}

@book{Powell:NoRead,
	Author = {Warren B. Powell},
	Date-Added = {2011-02-25 12:08:06 -0500},
	Date-Modified = {2011-02-25 12:08:47 -0500},
	Publisher = {Wiley},
	Title = {Approximate Dynamic Programming},
	Year = {2007}}

@article{Wessel:1979tg,
	Author = {David L. Wessel},
	Date-Added = {2011-01-03 17:13:05 -0500},
	Date-Modified = {2011-02-11 14:58:42 -0500},
	Journal = {Computer Music Journal},
	Keywords = {Timbre Features},
	Month = {June},
	Number = {2},
	Pages = {45-52},
	Read = {0},
	Title = {Timbre Space as a Musical Control Structure},
	Volume = {3},
	Year = {1979}}
	
@article{Wessel:2002uk,
	Author = {David L. Wessel and Matthew Wright},
	Date-Added = {2011-01-05 22:10:50 -0500},
	Date-Modified = {2011-02-08 10:53:02 -0500},
	Journal = {Computer Music Journal},
	Keywords = {Synthesis Ideal},
	Month = {September},
	Number = {3},
	Pages = {11-22},
	Read = {0},
	Title = {Problems and Prospects for Intimate Musical Control of Computers},
	Volume = {26},
	Year = {2002}}

@article{Horner:1993il,
	Author = {Andrew Horner and James Beauchamp and Lippold Haken},
	Date-Added = {2011-01-05 22:10:35 -0500},
	Date-Modified = {2011-02-10 13:39:26 -0500},
	Journal = {Computer Music Journal},
	Keywords = {Synthesis Methods - Resynthesis},
	Month = {January},
	Number = {4},
	Pages = {17-29},
	Read = {0},
	Title = {Machine Tongues XVI: Genetic Algorithms and Their Application to FM Matching Synthesis},
	Volume = {17},
	Year = {1993}}
	
@article{Horner:2003ov,
	Author = {Andrew Horner},
	Date-Added = {2011-01-03 17:13:05 -0500},
	Date-Modified = {2011-02-11 10:48:13 -0500},
	Journal = {Contemporary Music Review},
	Keywords = {Synthesis Methods - Resynthesis},
	Number = {3},
	Pages = {21-29},
	Read = {0},
	Title = {Auto-Programmable FM and Wavetable Synthesizers},
	Volume = {22},
	Year = {2003}}

@book{Cook:NotRead,
	Author = {Perry R. Cook},
	Date-Added = {2011-02-20 18:18:35 -0500},
	Date-Modified = {2011-02-20 18:19:02 -0500},
	Publisher = {CRC Press},
	Title = {Real Sound Synthesis for Interactive Applications},
	Year = {2002}}

@inproceedings{Logan:2003cr,
	Author = {Beth Logan and Daniel P.W. Ellis and Adam Berenzweig},
	Booktitle = {Proceedings of the 2004 IEEE International Conference on Multimedia and Expo},
	Date-Added = {2011-01-03 17:13:05 -0500},
	Date-Modified = {2011-09-02 17:16:50 -0400},
	Keywords = {Timbre Similarity},
	Month = {June},
	Read = {0},
	Title = {Toward Evolution Techniques for Music Similarity},
	Year = {2004}}

@article{Koza:1997zr,
	Author = {John R. Koza and Forrest H. Bennett III and David Andre and Martin A. Keane and Frank Dunlap},
	Date-Added = {2011-01-03 17:13:05 -0500},
	Date-Modified = {2011-02-17 18:59:04 -0500},
	Journal = {IEEE Transactions on Evolutionary Computation},
	Keywords = {GP in Audio},
	Number = {2},
	Pages = {109-128},
	Read = {0},
	Title = {Automated Synthesis of Analog Electrical Circuits by Means of Genetic Programming},
	Volume = {1},
	Year = {1997}}
	
@book{Koza:1992gp,
	Author = {John R. Koza},
	Date-Added = {2011-02-23 17:22:13 -0500},
	Date-Modified = {2011-02-23 17:23:00 -0500},
	Publisher = {MIT Press},
	Title = {Genetic Programming: On the Programming of Computers by Means of Natural Selection},
	Year = {1992}}

@book{Miranda:NotRead,
	Address = {Woburn, Massachusetts},
	Author = {Eduardo Reck Miranda},
	Date-Added = {2011-02-20 18:14:38 -0500},
	Date-Modified = {2011-02-20 18:16:49 -0500},
	Publisher = {Focal Press},
	Title = {Computer Sound Synthesis for the Electronic Musician},
	Year = {1998}}

@unpublished{Prandoni:1994th,
	Author = {Paolo Prandoni},
	Date-Added = {2011-01-03 17:13:05 -0500},
	Date-Modified = {2011-02-13 21:29:52 -0500},
	Keywords = {Timbre Similarity},
	Month = {July},
	Note = {Written at Ecole Polytechnique Federale De Lausanne in the Audiovisual Communications Laboratory},
	Read = {0},
	Title = {An Analysis-Based Timbre Space},
	Year = {1994}}

@inproceedings{Zils:2001bd,
	Address = {Limerick, Ireland},
	Author = {Aymeric Zils and Francois Pachet},
	Booktitle = {Proceedings of the COST G-6 Conference on Digital Audio Effects (DAFX-01)},
	Date-Added = {2011-01-05 22:10:35 -0500},
	Date-Modified = {2011-02-10 23:36:26 -0500},
	Keywords = {Synthesis Methods - Resynthesis},
	Month = {December},
	Read = {0},
	Title = {Musical Mosaicing},
	Year = {2001}}
		
@inproceedings{Pachet:2007if,
	Address = {Bordeaux, France},
	Author = {Francois Pachet and Pierre Roy},
	Booktitle = {Proceedings of CBMI 07},
	Date-Added = {2011-01-03 17:13:05 -0500},
	Date-Modified = {2011-02-17 20:36:58 -0500},
	Keywords = {GP in Audio},
	Read = {0},
	Title = {Exploring Billions of Audio Features},
	Year = {2007}}

@article{Fu:2009mz,
	Author = {Zhouyu Fu and Guojun Lu and Kai-Ming Ting and Dengsheng Zhang},
	Date-Added = {2011-01-03 17:13:05 -0500},
	Date-Modified = {2011-05-22 21:48:59 -0400},
	Journal = {Lecture Notes in Computer Science},
	Keywords = {Timbre Features},
	Pages = {453-462},
	Read = {0},
	Title = {On Feature Combination for Music Classification},
	Volume = {6218},
	Year = {2010}}

@inproceedings{Mitchell:2005ez,
	Address = {Barcelona, Spain},
	Author = {Thomas J. Mitchell and J. Charles W. Sullivan},
	Booktitle = {Proceedings of the 118th Convention of the Audio Engineering Society},
	Date-Added = {2011-01-03 17:13:05 -0500},
	Date-Modified = {2011-02-10 14:50:09 -0500},
	Keywords = {Synthesis Methods - Resynthesis},
	Month = {May},
	Read = {0},
	Title = {Frequency Modulation Tone Matching Using a Fuzzy Clustering Evolution Strategy},
	Year = {2005}}

@inproceedings{Mitchell:2007fe,
	Address = {Concinnati, Ohio},
	Author = {Thomas J. Mitchell},
	Booktitle = {Proceedings of the 6th International Conference on Machine Learning and Applications},
	Date-Added = {2011-01-05 22:10:50 -0500},
	Date-Modified = {2011-02-13 22:45:54 -0500},
	Keywords = {Timbre Similarity},
	Month = {December},
	Rating = {5},
	Read = {0},
	Title = {Evolutionary Sound Matching: A Test Methodology and Comparative Study},
	Year = {2007}}

@inproceedings{Malloch:2006jb,
	Address = {Montreal, Canada},
	Author = {Joseph Malloch and David Birnbaum and Elliot Sinyor and Marcelo M. Wanderley},
	Booktitle = {Proceedings of the 9th Conference on Digital Audio Effects (DAFx-06)},
	Date-Added = {2011-01-03 17:13:05 -0500},
	Date-Modified = {2011-02-08 10:53:00 -0500},
	Keywords = {Synthesis Ideal},
	Month = {September},
	Read = {0},
	Title = {Towards a New Conceptual Framework for Digital Musical Instruments},
	Year = {2006}}

@article{Vercoe:1998hh,
	Author = {Barry L. Vercoe and William G. Gardner and Eric D. Scheirer},
	Date-Added = {2011-01-05 22:10:50 -0500},
	Date-Modified = {2011-09-15 18:31:24 -0400},
	Journal = {IEEE Journal},
	Keywords = {Synthesis Ideal},
	Number = {5},
	Read = {0},
	Title = {Structured Audio: Creation, Transmission, and Rendering of Parametric Sound Representations},
	Volume = {86},
	Year = {1998}}

@inproceedings{McDermott:2006jd,
	Address = {Montreal, Canada},
	Author = {James McDermott and Michael O'Neill and Niall J. L. Griffith},
	Booktitle = {Proceedings of the 9th Conference on Digital Audio Effects (DAFx-06)},
	Date-Added = {2014-01-03 17:13:05 -0500},
	Date-Modified = {2014-02-08 10:53:00 -0500},
	Keywords = {},
	Month = {September},
	Read = {0},
	Title = {Target-Driven Genetic Algorithms for Synthesizer Control},
	Year = {2006}}

@article{McDermott:2005xq,
	Author = {James McDermott and Niall J. L. Griffith and Michael O'Neill},
	Date-Added = {2011-01-03 17:13:05 -0500},
	Date-Modified = {2011-09-02 17:25:42 -0400},
	Journal = {Machine Learning},
	Keywords = {Timbre Features},
	Rating = {5},
	Read = {0},
	Title = {Timbral, Perceptual, and Statistical Attributes for Synthesized Sound},
	Year = {2003}}

@article{McDermott:2006ud,
	Author = {James McDermott and Niall J. L. Griffith and Michael O'Neill},
	Date-Added = {2011-01-03 17:13:05 -0500},
	Date-Modified = {2011-09-02 17:26:58 -0400},
	Journal = {The Art of Artificial Evolution},
	Keywords = {GP Synthesis},
	Number = {81-101},
	Rating = {5},
	Read = {0},
	Title = {Evolutionary Computation Applied to Sound Synthesis},
	Year = {2008}}

@inproceedings{Seago:2008ya,
	Address = {Reading, UK},
	Author = {Allan Seago and Simon Holland and Paul Mulholland},
	Booktitle = {Proceedings of the Spring Conference of the Institute of Acoustics: Widening Horizons in Acoustics},
	Date-Added = {2011-01-03 17:13:05 -0500},
	Date-Modified = {2011-02-13 22:23:14 -0500},
	Keywords = {Timbre Similarity},
	Month = {April},
	Pages = {10-11},
	Rating = {5},
	Read = {0},
	Title = {Timbre Space as Synthesis Space: Towards a Navigation Based Approach to Timbre Specification},
	Year = {2008}}

@article{Riionheimo:2003qo,
	Author = {Janne Riionheimo},
	Date-Added = {2011-01-03 17:13:05 -0500},
	Date-Modified = {2011-02-10 16:37:54 -0500},
	Journal = {EURASIP Journal on Applied Signal Processing},
	Keywords = {Synthesis Methods - Resynthesis},
	Number = {8},
	Pages = {791-805},
	Read = {0},
	Title = {Parameter Estimation of a Plucked String Synthesis Model Using a Genetic Algorithm with Perceptual Fitness Calculation},
	Year = {2003}}

@article{Salvador:2004et,
	Author = {Stan Salvador and Philip Chan},
	Date-Added = {2011-01-03 17:13:05 -0500},
	Date-Modified = {2011-09-15 18:28:22 -0400},
	Journal = {Intelligent Data Analysis},
	Keywords = {Timbre Similarity - Possible Directions},
	Read = {1},
	Title = {FastDTW: Toward Accurate Dynamic Time Warping in Linear Time and Space},
	Volume = {11},
	Year = {2007}}

@article{Jaffe:1995fv,
	Author = {David A. Jaffe},
	Date-Added = {2011-01-03 17:13:05 -0500},
	Date-Modified = {2011-02-08 12:44:40 -0500},
	Journal = {Computer Music Journal},
	Keywords = {Synthesis Ideal},
	Month = {April},
	Number = {1},
	Pages = {76-87},
	Read = {0},
	Title = {Ten Criteria for Evaluating Synthesis Techniques},
	Volume = {19},
	Year = {1995}}

@book{Roads:NotRead,
	Author = {Curtis Roads},
	Date-Added = {2011-02-20 18:34:59 -0500},
	Date-Modified = {2011-02-20 18:35:56 -0500},
	Publisher = {MIT Press},
	Title = {The Computer Music Tutorial},
	Year = {1996}}

@article{Moroni:2002oa,
	Author = {Artemis Moroni and Fernando Von Zuben and Jonatas Manzolli},
	Date-Added = {2011-01-03 17:13:05 -0500},
	Date-Modified = {2011-02-16 22:49:05 -0500},
	Journal = {Leonardo},
	Keywords = {GA in Music},
	Number = {2},
	Pages = {185-188},
	Read = {0},
	Title = {ArTbitration: Human-Machine Interaction in Artistic Domains},
	Volume = {35},
	Year = {2002}}

@inproceedings{Bernardini:2001kc,
	Address = {Limerick, Ireland},
	Author = {Nicola Bernardini and Joran Rudi},
	Booktitle = {Proceedings of the COST G-6 Conference on Digital Audio Effects (DAFX-01)},
	Date-Added = {2011-01-03 17:13:05 -0500},
	Date-Modified = {2011-02-11 12:09:07 -0500},
	Keywords = {Timbre Composition},
	Month = {December},
	Read = {0},
	Title = {Compositional Use of Digital Audio Effects},
	Year = {2001}}

@article{Puckette:NoRead2,
	Author = {Miller Puckette},
	Date-Added = {2011-02-21 00:26:35 -0500},
	Date-Modified = {2011-02-21 00:27:48 -0500},
	Journal = {Computer Music Journal},
	Number = {3},
	Pages = {68-77},
	Title = {Combining Event and Signal Processing in the MAX Graphical Programming Environment},
	Volume = {15},
	Year = {1991}}
	
@inproceedings{Puckette:2004zp,
	Author = {Miller Puckette},
	Booktitle = {Proceedings of the International Computer Music Conference},
	Date-Added = {2011-01-03 17:13:05 -0500},
	Date-Modified = {2011-02-11 12:38:29 -0500},
	Keywords = {Timbre Composition},
	Read = {0},
	Title = {Low-dimensional Parameter Mapping Using Spectral Envelopes},
	Year = {2004}}

@inproceedings{Lazzarini:2004qf,
	Address = {Naples, Italy},
	Author = {Victor Lazzarini},
	Booktitle = {Proceedings of the 7th International Conference on Digital Audio Effects (DAFx'04)},
	Date-Added = {2011-01-03 17:13:05 -0500},
	Date-Modified = {2011-02-11 13:07:07 -0500},
	Keywords = {Timbre Composition},
	Month = {2004},
	Read = {0},
	Title = {Computer Instrument Development and the Composition Process},
	Year = {2004}}

@techreport{Johanson:1997gf,
	Author = {Brad Johanson and Riccardo Poli},
	Date-Added = {2011-01-03 17:13:05 -0500},
	Date-Modified = {2011-02-17 14:32:33 -0500},
	Institution = {School of Computer Science, The University of Birmingham},
	Keywords = {GA in Music},
	Number = {Technical Report CSRP-98-13},
	Read = {0},
	Title = {GP-Music: An Interactive Genetic Programming System for Music Generation with Automated Fitness Raters},
	Year = {1997}}

@article{Bonada:2007bs,
	Author = {Jordi Bonada and Xavier Serra},
	Date-Added = {2011-01-05 22:10:35 -0500},
	Date-Modified = {2011-05-22 21:40:46 -0400},
	Journal = {IEEE Signal Processing Magazine},
	Keywords = {Synthesis Methods},
	Month = {March},
	Pages = {67-79},
	Read = {0},
	Title = {Synthesis of the Singing Voice by Performance Sampling and Spectral Models},
	Year = {2007}}}

@phdthesis{Harris:1997qf,
	Author = {Christopher Harris},
	Date-Added = {2011-01-03 17:13:05 -0500},
	Date-Modified = {2011-02-19 19:59:16 -0500},
	Keywords = {GP in Audio},
	Rating = {5},
	Read = {0},
	School = {University of College London},
	Title = {An Investigation into the Application of Genetic Programming Techniques to Signal Analysis and Feature Detection},
	Year = {1997}}

@inproceedings{Kobayashi:2009la,
	Author = {Yoshiyuki Kobayashi},
	Booktitle = {Proceedings of the 10th International Conference on Music Information Retrieval (ISMIR 2009)},
	Date-Added = {2011-01-03 17:13:05 -0500},
	Date-Modified = {2011-02-17 14:51:39 -0500},
	Keywords = {GA in Music},
	Rating = {5},
	Read = {0},
	Title = {Automatic Generation of Musical Instrument Detector by Using Evolutionary Learning Method},
	Year = {2009}}

@inproceedings{Stowell:2008qf,
	Address = {Espoo, Finland},
	Author = {Dan Stowell and Mark D. Plumbley},
	Booktitle = {Proceedings of the 11th International Conference on Digital Audio Effects (DAFx-08)},
	Date-Added = {2011-01-03 17:13:05 -0500},
	Date-Modified = {2011-02-13 15:18:17 -0500},
	Keywords = {Timbre Features},
	Month = {September},
	Read = {0},
	Title = {Robustness and Independence of Voice Timbre Features Under Live Performance Acoustic Degradations},
	Year = {2008}}

@phdthesis{Park:2004fv,
	Author = {Tae Hong Park},
	Date-Added = {2011-01-03 17:13:05 -0500},
	Date-Modified = {2011-02-20 13:18:24 -0500},
	Keywords = {Timbre Similarity},
	Read = {0},
	School = {Princeton University},
	Title = {Towards Automatic Musical Instrument Timbre Recognition},
	Year = {2004}}

@article{Bensa:2005xq,
	Author = {Julien Bensa and Olivier Gipouloux and Richard Kronland-Martinet},
	Date-Added = {2011-01-05 22:10:35 -0500},
	Date-Modified = {2011-02-10 23:12:30 -0500},
	Journal = {Journal of the Acoustical Society of America},
	Keywords = {Synthesis Methods - Resynthesis},
	Read = {0},
	Title = {Parameter Fitting for Piano Sound Synthesis by Physical Modeling},
	Year = {2005}}

@phdthesis{Nicol:2005rp,
	Author = {Craig Andrew Nicol},
	Date-Added = {2011-01-03 17:13:05 -0500},
	Date-Modified = {2011-02-20 15:11:54 -0500},
	Keywords = {Timbre Similarity},
	Read = {0},
	School = {University of Glasgow},
	Title = {Development and Exploration of a Timbre Space Representation of Audio},
	Year = {2005}}

@article{Mandelis:2005iw,
	Author = {James Mandelis and Phil Husbands},
	Date-Added = {2011-01-03 17:13:05 -0500},
	Date-Modified = {2011-09-02 17:23:22 -0400},
	Journal = {International Journal on Artificial Intelligence Tools},
	Keywords = {GP Synthesis},
	Pages = {1-23},
	Read = {0},
	Title = {Genophone: Evolving Sounds and Integral Performance Parameter Mappings},
	Year = {2006}}

@inproceedings{Schwarz:2006gr,
	Author = {Diemo Schwarz},
	Booktitle = {Journal of New Music Research},
	Date-Added = {2011-01-05 22:10:35 -0500},
	Date-Modified = {2011-09-15 18:29:00 -0400},
	Keywords = {Synthesis Methods},
	Number = {1},
	Pages = {3-22},
	Read = {0},
	Title = {Concatenative Sound Synthesis: The Early Years},
	Volume = {35},
	Year = {2006}}

@inproceedings{Miller:1998zr,
	Author = {Julian F. Miller},
	Booktitle = {Proceedings of EvoWorkshops},
	Date-Added = {2011-01-03 17:13:05 -0500},
	Date-Modified = {2011-09-15 18:24:48 -0400},
	Keywords = {GP in Audio},
	Read = {0},
	Title = {Evolution of Digital Filters Using a Gate Array Model},
	Year = {1999}}

@article{Dahlstedt:2001dd,
	Author = {Palle Dahlstedt},
	Date-Added = {2011-01-03 17:13:05 -0500},
	Date-Modified = {2011-05-22 21:45:52 -0400},
	Journal = {Organized Sound},
	Keywords = {GA in Music},
	Read = {0},
	Title = {A MutaSynth in Parameter Space: Interactive Composition through Evolution},
	Year = {2001}}

@article{McDermott:2006gd,
	Author = {James McDermott and Niall J. L. Griffith and Michael O'Neill},
	Date-Added = {2011-01-03 17:13:05 -0500},
	Date-Modified = {2011-09-02 17:27:40 -0400},
	Journal = {Applications of Evolutionary Computer},
	Keywords = {GP Synthesis},
	Pages = {547-556},
	Read = {0},
	Title = {Evolutionary GUIs for Sound Synthesis},
	Year = {2007}}

@phdthesis{Teller:1998ly,
	Address = {Pittsburgh, PA},
	Annote = {Look into 'internal reinforcement' within genetic programming},
	Author = {Astro Teller},
	Date-Added = {2011-01-03 17:13:05 -0500},
	Date-Modified = {2011-02-19 20:35:52 -0500},
	Keywords = {GP in Audio},
	Month = {December},
	Read = {0},
	School = {Carnegie Mellon University},
	Title = {Algorithm Evolution with Internal Reinforcement for Signal Understanding},
	Year = {1998}}

@phdthesis{Vanneschi:2004le,
	Author = {Leonardo Vanneschi},
	Date-Added = {2011-01-03 17:13:05 -0500},
	Date-Modified = {2011-02-19 15:22:16 -0500},
	Keywords = {Automatic Programming},
	Read = {0},
	School = {University of Lausanne},
	Title = {Theory and Practice for Efficient Genetic Programming},
	Year = {2004}}

@inproceedings{Allamanche:2002yo,
	Author = {Eric Allamanche and Jurgen Herre and Oliver Hellmuth and Thorsten Kastner and Christian Ertel},
	Booktitle = {Proceedings of the 4th International Conference on Music Information Retrieval (ISMIR 2003)},
	Date-Added = {2011-01-03 17:13:05 -0500},
	Date-Modified = {2011-05-22 21:34:39 -0400},
	Keywords = {Timbre Similarity},
	Read = {0},
	Title = {A Multiple Feature Model for Musical Similarity Retrieval},
	Year = {2003}}

@article{Conrads:1998wb,
	Author = {Markus Conrads and Peter Nordin and Wolfgang Banzhaf},
	Date-Added = {2011-01-03 17:13:05 -0500},
	Date-Modified = {2011-05-22 21:44:46 -0400},
	Journal = {Lecture Notes in Computer Science},
	Keywords = {GP in Audio},
	Pages = {113-129},
	Read = {0},
	Title = {Speech Sound Discrimination with Genetic Programming},
	Volume = {1391},
	Year = {1998}}

@inproceedings{Moreno:2005bs,
	Address = {Madrid, Spain},
	Author = {Carlos Gomez Moreno},
	Booktitle = {Proceedings of the 8th International Conference on Digital Audio Effects (DAFx-05)},
	Date-Added = {2011-01-03 17:13:05 -0500},
	Date-Modified = {2011-02-08 13:38:50 -0500},
	Keywords = {Synthesis Ideal},
	Month = {September},
	Read = {0},
	Title = {Real-Time Signal Processing System Proposal and Implementation},
	Year = {2005}}

@article{Moorer:1978ge,
	Author = {James A. Moorer},
	Date-Added = {2011-01-05 22:10:35 -0500},
	Date-Modified = {2011-02-09 19:09:54 -0500},
	Journal = {Journal of the Audio Engineering Society},
	Keywords = {Synthesis Methods},
	Number = {1/2},
	Pages = {42-45},
	Read = {0},
	Title = {The Use of the Phase Vocoder in Computer Music Applications},
	Volume = {26},
	Year = {1978}}

@article{Vatolkin:2009bd,
	Author = {I. Vatolkin and W. Theimer and G. Rudolph},
	Date-Added = {2011-01-03 17:13:05 -0500},
	Date-Modified = {2011-09-15 18:30:29 -0400},
	Journal = {Evolutionary Computation},
	Keywords = {GP in Audio},
	Read = {0},
	Title = {Design and Comparison of Different Evolution Strategies for Feature Selection and Consolidation in Music Classification},
	Year = {2009}}

@inproceedings{Paulus:2002ec,
	Author = {Jouni Paulus and Anssi Klapuri},
	Booktitle = {Proceedings of ISMIR},
	Date-Added = {2011-01-03 17:13:05 -0500},
	Date-Modified = {2011-09-15 18:26:23 -0400},
	Keywords = {Timbre Similarity},
	Read = {0},
	Title = {Measuring the Similarity of Rhythmic Patterns},
	Year = {2002}}

@article{Toiviainen:1998hs,
	Author = {Petri Toiviainen and Mari Tervaniemi and Jukka Louhivuori and Marieke Saher and Minna Huotilainen and Risto Naatanen},
	Date-Added = {2011-01-03 17:13:05 -0500},
	Date-Modified = {2011-02-15 21:42:01 -0500},
	Journal = {Music Perception: An Interdisciplinary Journal},
	Keywords = {Timbre Similarity},
	Month = {January},
	Number = {2},
	Pages = {223-241},
	Read = {0},
	Title = {Timbre Similarity: Convergence of Neural, Behavioral, and Computational Approaches},
	Volume = {16},
	Year = {1998}}

@book{Puckette:2007ai,
	Author = {Miller Puckette},
	Date-Added = {2011-02-23 17:58:52 -0500},
	Date-Modified = {2011-02-23 18:01:08 -0500},
	Publisher = {World Scientific Publishing Co. Pte. Ltd.},
	Title = {The Theory and Technique of Electronic Music},
	Year = {2007}}

@book{Russell:2009ai,
	Author = {Stuart Russell and Peter Norvig},
	Date-Added = {2011-02-23 17:58:52 -0500},
	Date-Modified = {2011-02-23 18:01:08 -0500},
	Editor = {3},
	Publisher = {Prentice Hall},
	Title = {Artifical Intelligence: A Modern Approach},
	Year = {2009}}

@techreport{Grey:NoRead,
	Author = {J. M. Grey},
	Date-Added = {2011-02-25 18:54:49 -0500},
	Date-Modified = {2011-02-25 18:55:48 -0500},
	Institution = {Stanford Univesity Department of Music Technology},
	Number = {STAN-M-2},
	Title = {Exploration of Musical Timbre},
	Year = {1975}}

@article{Carpentier:2010fh,
	Author = {Cregoire Carpentier and Damien Tardieu and Jonathan Harvey and Gerard Assayag and Emmanuel Saint-James},
	Date-Added = {2011-01-03 17:13:05 -0500},
	Date-Modified = {2011-02-13 14:35:51 -0500},
	Journal = {Journal of New Music Research},
	Keywords = {Timbre Features},
	Month = {April},
	Number = {1},
	Pages = {47-61},
	Rating = {5},
	Read = {0},
	Title = {Predicting Timbre Features of Instrument Sound Combinations: Applications to Automatic Orchestration},
	Volume = {39},
	Year = {2010}}

@inproceedings{Timoney:2004ff,
	Address = {Naples, Italy},
	Author = {Joseph Timoney and Thomas Lysaght and Lorcan Mac Manus and A. Schwarzbacher},
	Booktitle = {Proceedings of the 7th International Conference on Digital Audio Effects (DAFx'04)},
	Date-Added = {2011-01-03 17:13:05 -0500},
	Date-Modified = {2011-02-13 14:54:40 -0500},
	Keywords = {Timbre Features},
	Month = {October},
	Read = {0},
	Title = {Timbral Attributes for Objective Quality Assessment of the Irish Tin Whistle},
	Year = {2004}}

@techreport{Tolonen:1998bh,
	Author = {Tero Tolonen and Vesa Valimaki and Matti Karjalainen},
	Date-Added = {2011-01-03 17:13:05 -0500},
	Date-Modified = {2011-02-08 20:21:23 -0500},
	Institution = {Helsinki University of Technology},
	Keywords = {Synthesis Ideal},
	Number = {48},
	Read = {0},
	Title = {Evaluation of Modern Sound Synthesis Methods},
	Year = {1998}}

@mastersthesis{Shiraishi:2006ye,
	Author = {Satoshi Shiraishi},
	Date-Added = {2011-01-03 17:13:05 -0500},
	Date-Modified = {2011-02-20 15:50:47 -0500},
	Keywords = {Timbre Similarity},
	Month = {June},
	Read = {0},
	School = {Institute of Sonology},
	Title = {A Real-Time Timbre Tracking Model Based on Similarity},
	Year = {2006}}

@inproceedings{Polito:1997ly,
	Author = {John Polito and Jason M. Daida and Tommaso F. Bersano-Begey},
	Booktitle = {Proceedings of the Sixth Annual Conference on Evolutionary Programming},
	Date-Added = {2011-01-03 17:13:05 -0500},
	Date-Modified = {2011-02-17 16:09:21 -0500},
	Keywords = {GA in Music},
	Read = {0},
	Title = {Music ex Machina: Composing 16th-Century Counterpoint with Genetic Programming and Symbiosis},
	Year = {1997}}

@incollection{Todd:1998tg,
	Author = {Peter M. Todd and Gregory M. Werner},
	Booktitle = {Musical Networks: Parallel Distributed Perception and Performance},
	Date-Added = {2011-01-03 17:13:05 -0500},
	Date-Modified = {2011-02-17 16:40:28 -0500},
	Editor = {N. Griffith and Peter M. Todd},
	Keywords = {GA in Music},
	Publisher = {MIT Press/Bradford Books},
	Read = {0},
	Title = {Frankensteinian Methods for Evolutionary Music Composition},
	Year = {1998}}

@inproceedings{Costelloe:2007bv,
	Address = {London, England},
	Author = {Dan Costelloe and Conor Ryan},
	Booktitle = {Proceedings of GECCO'07},
	Date-Added = {2011-01-03 17:13:05 -0500},
	Date-Modified = {2011-02-17 17:06:38 -0500},
	Keywords = {GA in Music},
	Month = {July},
	Read = {0},
	Title = {Towards Models of User Preferences in Interactive Musical Evolution},
	Year = {2007}}

@inproceedings{Zhang:2006jo,
	Author = {Xin Zhang and Zbigniew W. Ras},
	Booktitle = {Proceedings of the International Conference on Multimedia and Ubiquitous Engineering},
	Date-Added = {2011-01-03 17:13:05 -0500},
	Date-Modified = {2011-09-15 18:33:09 -0400},
	Keywords = {Timbre Features},
	Read = {0},
	Title = {Analysis of Sound Features for Music Timbre Recognition},
	Year = {2007}}

@article{Uesaka:2000jw,
	Author = {Kazuyoshi Uesaka and Masayuki Kawamata},
	Date-Added = {2011-01-03 17:13:05 -0500},
	Date-Modified = {2011-02-17 17:18:15 -0500},
	Journal = {IEEE Signal Processing Letters},
	Keywords = {GP in Audio},
	Month = {April},
	Number = {4},
	Pages = {83-85},
	Read = {0},
	Title = {Synthesis of Low-Sensitivity Second-Order Digital Filters Using Genetic Programming with Automatically Defined Functions},
	Volume = {7},
	Year = {2000}}

@inproceedings{Holladay:2007ct,
	Author = {K. L. Holladay and K. A. Robbins},
	Booktitle = {Proceedings of 15th International Conference on Digital Signal Processing},
	Date-Added = {2011-01-03 17:13:05 -0500},
	Date-Modified = {2011-07-13 19:22:21 -0400},
	Keywords = {GP in Audio},
	Read = {0},
	Title = {Evolution of Signal Processing Algorithms Using Vector Based Genetic Programming},
	Year = {2007}}
}}
